@Misc{checkstyle,
  author = {Oliver Burn},
  title = {CheckStyle},
  year = {2003},
  howpublished = "\url{http://checkstyle.sourceforge.net}"
}

@inproceedings{findbugs,
  author = {Nick Rutar and  Christian B. Almazan and Jeffrey S. Foster},
  title = {A Comparison of Bug Finding Tools for {Java}},
  booktitle = {Software Reliability Engineering},
  pages = {245--256},
  year = {2004},
}

@Misc{travis,
  title = {Travis},
  howpublished = "\url{https://travis-ci.org/}"
}

@Misc{pandoc,
  author = {John MacFarlane},
  title = {Pandoc},
  howpublished = "\url{http://johnmacfarlane.net/pandoc/}"
}

@Inproceedings{perin10natural,
 title= "Natural language checking with program checking tools",
 author = "Fabrizio Perin and Lukas Renggli and Jorge Ressia",
 booktitle = {Smalltalks},
 year = {2010}
}

@Article{perin11linguistics,
  author = {Fabrizio Perin and Lukas Renggli and Jorge Ressia},
  title = {Linguistic style checking with program checking tools},
  journal = {Journal of Computer Languages, Systems and Structures},
  year = {2012},
  volume = {38}, 
  number = {1}, 
  pages = {61--72}
}

@Inproceedings{boehm06aview,
    author = {Barry Boehm},
    title = {A view of 20th and 21st century software engineering},
    booktitle = {ICSE},
    year = {2006},
    pages = {12--29},
    publisher = {ACM Press}
}

@Mastersthesis{kasahara12automatic,
   author = {Seiji Kasahara},
   title = {Automatic Error Correction for Learners of Japanese as a Second Language},
   school = {Nara Institute of Science and Technology},
   year = {2006}
}
                  
@Article{matahira10step,
  author  = {Emiko Matahira and Sumito Takeuchi and Hiroyuki ONO and Hiroshige Inazumi},
  title   = {A step forward to a new learning scheme for Japanese academic writing skills by using a support system},
  journal = {Journal of the educational application of information and communication technologies},
  volume  = 13,
  number  = 1,
  pages   = {16--20},
  year    = 2010
}

@Article{Ruparelia10history,
    author = {Nayan B. Ruparelia},
    title = {The history of version control},
    journal = {SIGSOFT Software Engineering Notes},
    volume = {35},
    number = {1},
    year = {2010},
    pages = {5--9},
    numpages = {5},
}

@Misc{ginger,
  title = {Ginger},
  author = {Ginger},
  year = {2013},
  howpublished = "\url{http://www.gingersoftware.com}"
}

@Misc{grammarly,
  title = {Grammarly},
  author = {Grammarly},
  year = {2013},
  howpublished = "\url{http://www.grammarly.com}"
}

@inproceedings{whitesmoke,
  title = {An Evaluation of Whitesmoke: A Grammar-checking and Text-enrichment Software},
  author = {T. L. Chiu},
  year = {2013},
  booktitle = {Seventeenth ETA/ROC International Symposium on English Teaching},
}

@Misc{msword,
  author = {George Heidorn},
  title = {Microsoft Word},
  year = {1995},
  howpublished = "\url{http://products.office.com/en-us/word}"
}

@Misc{aspell,
  title = {Aspell},
  author = {Kevin Atkinson},
  year  = {2003},
  howpublished = "\url{http://aspell.net/}"
}

@Misc{githubsample,
  title = {GitHub sample repository},
  howpublished = "\url{https://github.com/takahi-i/redpen-travis}"
}

@Misc{jenkins,
  title = {Jenkins},
  howpublished = "\url{http://jenkins-ci.org/}"
}

@Misc{atom,
  title = {Atom},
  author = {GitHub},
  year = {2014},
  howpublished = "\url{https://atom.io}"
}

@Misc{atom-redpen-package,
  title = {Atom RedPen package},
  howpublished = "\url{https://atom.io/packages/redpen}"
}

@inproceedings{penniston:2014,
 author = {Penniston, Anthony and Harley, Eric},
 title = {Classification and Generation of Grammatical Errors},
 booktitle = {Proceedings of the 2014 International C* Conference on Computer Science \& Software Engineering},
 series = {C3S2E '14},
 year = {2014},
 pages = {6:1--6:10},
}

@book{kissell:2009,
 author = {Kissell, Joe},
 title = {Take Control of the Mac Command Line with Terminal},
 year = {2009},
 publisher = {TidBITS Publishing, Inc.},
}

@Misc{justright:2012,
  author = {JustSystems},
  title = {Just Right! 5 Pro},
  year = {2012},
  howpublished = "\url{http://www.justsystems.com/jp/products/justright}"
}

@mastersthesis{naber2003rule,
  title = {A rule-based style and grammar checker},
  author = {Naber, Daniel},
  year = {2003},
  publisher = {Bielefeld University Bielefeld, Germany},
  type = {Diploma thesis}
}
