@Misc{justright,
author = {株式会社ジャストシステム},
title = {Just Right!},
howpublished = "\url{http://www.justsystems.com/jp/products/justright}"
}

@Misc{redpen,
author = {Takahiko Ito},
title = {{RedPen, a document checker}},
howpublished = "\url{http://redpen.cc}"
}

@inproceedings{ito15repden,
 title= "自動文書検査ツール {RedPen}",
 author = "伊藤敬彦",
 booktitle = {電子情報通信学会技術研究報告. NLC, 言語理解とコミュニケーション},
 year = 2014
}

@Misc{chantokun,
author = {笠原誠司},
title = {Chantokun},
howpublished = "\url{http://cl.naist.jp/chantokun/}"
}

@Misc{tomarigi,
author = {日本語表現法開発プロジェクト（PaWeL）},
title = {Tomarigi},
howpublished = "\url{http://www.pawel.jp/outline_of_tools/tomarigi/}"
}

@Article{tomarigi-paper,
  author = {又平恵美子 and 竹内純人 and 大野博之 and 稲積宏誠},
  title = {文章作成支援ツールによる日本語文章力育成},
  journal = {ICT 活用教育方法研究},
  volume  = 13,
  number  = 1,
  pages   = {16--20},
  year = 2010
}

@inproceedings{mizumoto12english,
 title= "英作文誤り訂正における複数の手法の利用に関する考察",
 author = "水本智也 and 林部祐太 and 坂口慶祐 and 小町守 and 松本裕治",
 booktitle = {情報処理学会自然言語処理研究会 2012-NL-208-8},
 year = 2012
}

@Misc{textlint,
author = {azu},
title = {{textlint, the pluggable linting tool for text and markdown}},
howpublished = "\url{https://textlint.github.io/}"
}